<record><leader>00000cas a22000007a 4500</leader><controlfield tag="001">4686037</controlfield><controlfield tag="008">790223d193u196unyumr pe      0   c0ruso </controlfield><datafield ind1=" " ind2=" " tag="010"><subfield code="a">sn 90065051 </subfield><subfield code="z">   50027975 </subfield></datafield><datafield ind1=" " ind2=" " tag="040"><subfield code="a">DLC</subfield><subfield code="b">eng</subfield><subfield code="c">IUL</subfield><subfield code="d">YOX</subfield><subfield code="d">IUL</subfield><subfield code="d">DLC</subfield><subfield code="d">NOC</subfield><subfield code="d">UKMGB</subfield><subfield code="d">OCLCO</subfield></datafield><datafield ind1=" " ind2=" " tag="066"><subfield code="c">(N</subfield></datafield><datafield ind1="7" ind2=" " tag="016"><subfield code="a">009863391</subfield><subfield code="2">Uk</subfield></datafield><datafield ind1="1" ind2=" " tag="029"><subfield code="a">AU@</subfield><subfield code="b">000025861716</subfield></datafield><datafield ind1="0" ind2=" " tag="041"><subfield code="a">rus</subfield><subfield code="a">eng</subfield></datafield><datafield ind1=" " ind2=" " tag="042"><subfield code="a">msc</subfield></datafield><datafield ind1=" " ind2=" " tag="043"><subfield code="a">n-us-ny</subfield><subfield code="a">n-us---</subfield></datafield><datafield ind1="0" ind2="0" tag="050"><subfield code="a">HS2028.R8</subfield><subfield code="b">A15</subfield></datafield><datafield ind1="0" ind2=" " tag="130"><subfield code="a">Russkii&#774; vestnik (New York, N.Y. : 1934)</subfield></datafield><datafield ind1="0" ind2="0" tag="245"><subfield code="6">880-01</subfield><subfield code="a">Russkii&#774; vestnik =</subfield><subfield code="b">Russian herald.</subfield></datafield><datafield ind1="3" ind2="1" tag="246"><subfield code="a">Russian herald</subfield></datafield><datafield ind1=" " ind2=" " tag="260"><subfield code="6">880-02</subfield><subfield code="a">New York, N.Y. :</subfield><subfield code="b">Russkoe ob&#697;edinennoe obshchestvo vzaimopomoshchi v Amerike (R.O.O.V.A)</subfield></datafield><datafield ind1=" " ind2=" " tag="300"><subfield code="a">v. ;</subfield><subfield code="b">ill., ports. ;</subfield><subfield code="c">27 cm.</subfield></datafield><datafield ind1=" " ind2=" " tag="310"><subfield code="a">Monthly,</subfield><subfield code="b">Oct. 1, 1936-&lt;Feb. 1947&gt;</subfield></datafield><datafield ind1=" " ind2=" " tag="321"><subfield code="a">Semimonthly,</subfield><subfield code="b">Oct. 21, 1934-Sept. 1, 1936</subfield></datafield><datafield ind1="0" ind2=" " tag="362"><subfield code="a">Vol. 2, no. 7 (Okt. 21, 1934)-</subfield></datafield><datafield ind1="1" ind2=" " tag="362"><subfield code="a">Began in 1933? Ceased in 1965?</subfield><subfield code="z">Cf. Slavonic and East European Review (1939), "The Russians in the United States" / Yaroslav J. Chyz. Cf. Historical Society of Pennsylvania finding aid.</subfield></datafield><datafield ind1=" " ind2=" " tag="500"><subfield code="a">Order and position of Russian and English titles vary, &lt;1944-1947&gt;.</subfield></datafield><datafield ind1=" " ind2=" " tag="500"><subfield code="6">880-03</subfield><subfield code="a">"Kul&#697;turno-informat&#65056;s&#65057;ionnyi&#774; zhurnal," no. &lt;63-85&gt;.</subfield></datafield><datafield ind1=" " ind2=" " tag="500"><subfield code="a">Previously classed as a periodical in LC.</subfield><subfield code="5">DLC</subfield></datafield><datafield ind1=" " ind2=" " tag="500"><subfield code="a">Includes English language sections: "FRAY herald", Oct. 21, 1934-Feb. 3, 1935, published by Federated Russian American Youth; and: "Russian herald-English section", Feb. 17, 1935-&lt;Feb. 1947&gt;, published by Youth of ROOVA.</subfield></datafield><datafield ind1=" " ind2=" " tag="500"><subfield code="6">880-04</subfield><subfield code="a">Issue for no. 135 (ii&#65056;u&#65057;l&#697;/sent. 1944) is "Istoricheskii&#774; i&#65056;u&#65057;bilei&#774;nyi&#774; sbornik" devoted to "10-letnii&#774; i&#65056;u&#65057;bilei&#774; Farmy ROVA"; issue for no. 153/154 (Jan./Feb. 1947) is special issue devoted to "20th anniversary of ROOVA, 1926-1946".</subfield></datafield><datafield ind1=" " ind2=" " tag="515"><subfield code="a">Some no. published together.</subfield></datafield><datafield ind1=" " ind2=" " tag="546"><subfield code="a">In Russian and English.</subfield></datafield><datafield ind1=" " ind2=" " tag="550"><subfield code="a">Published: &lt;1936&gt;, Federated Russian-American Youth; &lt;Aug. 1937-Feb. 1947&gt;, Russian Consolidated Mutual Aid Society of America.</subfield></datafield><datafield ind1=" " ind2=" " tag="588"><subfield code="a">Description based on: No. 63 (Aug. 1, 1937); title from masthead.</subfield></datafield><datafield ind1=" " ind2=" " tag="588"><subfield code="a">Latest issue consulted: No. 153/154 (Jan./Feb. 1947).</subfield></datafield><datafield ind1=" " ind2="0" tag="650"><subfield code="a">Russian Americans</subfield><subfield code="z">New York (State)</subfield><subfield code="z">New York</subfield><subfield code="v">Newspapers.</subfield></datafield><datafield ind1=" " ind2="0" tag="650"><subfield code="a">Russians</subfield><subfield code="z">New York (State)</subfield><subfield code="v">Newspapers.</subfield></datafield><datafield ind1=" " ind2="0" tag="651"><subfield code="a">New York (N.Y.)</subfield><subfield code="v">Newspapers.</subfield></datafield><datafield ind1="2" ind2="0" tag="610"><subfield code="a">Russian Consolidated Mutual Aid Society of America</subfield><subfield code="v">Periodicals.</subfield></datafield><datafield ind1=" " ind2="0" tag="650"><subfield code="a">Fraternal organizations</subfield><subfield code="x">Refugees</subfield><subfield code="z">United States</subfield><subfield code="v">Periodicals.</subfield></datafield><datafield ind1=" " ind2="0" tag="650"><subfield code="a">Russian Americans</subfield><subfield code="x">Societies, etc.</subfield><subfield code="v">Periodicals.</subfield></datafield><datafield ind1=" " ind2="0" tag="650"><subfield code="a">Youths' writings, Russian</subfield><subfield code="z">United States</subfield><subfield code="y">20th century</subfield><subfield code="v">Periodicals.</subfield></datafield><datafield ind1=" " ind2="0" tag="650"><subfield code="a">Russians</subfield><subfield code="z">Foreign countries</subfield><subfield code="v">Periodicals.</subfield></datafield><datafield ind1=" " ind2="7" tag="655"><subfield code="a">Advertisements.</subfield><subfield code="2">rbgenr</subfield></datafield><datafield ind1=" " ind2="7" tag="655"><subfield code="a">Russian e&#769;migre&#769; political periodicals.</subfield><subfield code="2">local</subfield></datafield><datafield ind1=" " ind2="7" tag="655"><subfield code="a">Russian e&#769;migre&#769; literary periodicals.</subfield><subfield code="2">local</subfield></datafield><datafield ind1=" " ind2="7" tag="655"><subfield code="a">Russian e&#769;migre&#769; youth periodicals.</subfield><subfield code="2">local</subfield></datafield><datafield ind1="2" ind2=" " tag="710"><subfield code="a">Russian Consolidated Mutual Aid Society of America.</subfield></datafield><datafield ind1="2" ind2=" " tag="710"><subfield code="a">Federated Russian American Youth.</subfield></datafield><datafield ind1="0" ind2="2" tag="740"><subfield code="a">FRAY herald.</subfield></datafield><datafield ind1=" " ind2=" " tag="752"><subfield code="a">United States</subfield><subfield code="b">New York</subfield><subfield code="c">New York</subfield><subfield code="d">New York.</subfield></datafield><datafield ind1="0" ind2="0" tag="880"><subfield code="6">245-01/(N</subfield><subfield code="a">&#1056;&#1091;&#1089;&#1089;&#1082;&#1080;&#1081; &#1074;&#1077;&#1089;&#1090;&#1085;&#1080;&#1082; =</subfield><subfield code="b">Russian herald.</subfield></datafield><datafield ind1=" " ind2=" " tag="880"><subfield code="6">260-02/(N</subfield><subfield code="a">New York, N.Y. :</subfield><subfield code="b">&#1056;&#1091;&#1089;&#1089;&#1082;&#1086;&#1077; &#1086;&#1073;&#1100;&#1077;&#1076;&#1080;&#1085;&#1077;&#1085;&#1085;&#1086;&#1077; &#1086;&#1073;&#1097;&#1077;&#1089;&#1090;&#1074;&#1086; &#1074;&#1079;&#1072;&#1080;&#1084;&#1086;&#1087;&#1086;&#1084;&#1086;&#1097;&#1080; &#1074; &#1040;&#1084;&#1077;&#1088;&#1080;&#1082;&#1077; (&#1056;.&#1054;.&#1054;.&#1042;.&#1040;)</subfield></datafield><datafield ind1=" " ind2=" " tag="880"><subfield code="6">500-03/(N</subfield><subfield code="a">"&#1050;&#1091;&#1083;&#1100;&#1090;&#1091;&#1088;&#1085;&#1086;-&#1080;&#1085;&#1092;&#1086;&#1088;&#1084;&#1072;&#1094;&#1080;&#1086;&#1085;&#1085;&#1099;&#1081; &#1078;&#1091;&#1088;&#1085;&#1072;&#1083;," n&#1086;. &lt;63-85&gt;.</subfield></datafield><datafield ind1=" " ind2=" " tag="880"><subfield code="6">500-04/(N</subfield><subfield code="a">Issue for no. 135 (&#1080;&#1102;&#1083;&#1100;/&#1089;&#1077;&#1085;&#1090;. 1944) is "&#1048;&#1089;&#1090;&#1086;&#1088;&#1080;&#1095;&#1077;&#1089;&#1082;&#1080;&#1081; &#1102;&#1073;&#1080;&#1083;&#1077;&#1081;&#1085;&#1099;&#1081; &#1089;&#1073;&#1086;&#1088;&#1085;&#1080;&#1082;" devoted to "10-&#1083;&#1077;&#1090;&#1085;&#1080;&#1081; &#1102;&#1073;&#1080;&#1083;&#1077;&#1081; &#1060;&#1072;&#1088;&#1084;&#1099; &#1056;&#1054;&#1042;&#1040;"; issue for no. 153/154 (Jan./Feb. 1947) is special issue devoted to "20th anniversary of ROOVA, 1926-1946".</subfield></datafield><datafield ind1=" " ind2=" " tag="936"><subfield code="a">Aug./Sept. 1951 LIC</subfield></datafield></record>